@book{euler_rotations,
 title={Novi comementarii Academiae scientiarum imperialis petropolitanae},
 author={{Akademiia nauk SSSR.}},
 number={v. 8},
 lccn={08004089},
 year={1763},
 publisher={Typis Academiae Scientarum}}

@Book{dunn20023d,
 author = {Dunn, Fletcher},
 title = {3D math primer for graphics and game development},
 publisher = {Wordware Pub},
 year = {2002},
 address = {Plano, Tex},
 isbn = {1-55622-911-9}}
